@misc{ uno,
       author = "M. Abramowitz, I. A. Stegun",
       title = "``ยง25.4, Integration'', \textit{Handbook of Mathematical Functions}",
       year = "1972" }
@misc{ due,
       author = "M. Hjorth-Jensen",
       title = "``ยง9, Random walks and the Metropolis algorithm'', \textit{Computational Physics}",
       year = "2009" }
@misc{ tre,
       author = "Y. Saad",
       title = "``ยง6.8, The Conjugate Residual Method'', \textit{Iterative Methods for Sparse Linear Systems}",
       year = "2000" }
@misc{ quattro,
       author = "W. Krauth",
       title = "\textit{Introduction To Monte Carlo Algorithms}",
       year = "2004" }
@misc{ cinque,
       author = "C. Rebbi",
       title = "\textit{Lecture Notes on Advanced Computing in Physics}",
       year = "1996" }
@misc{ sei,
       author = "S. Weinzierl",
       title = "\textit{Introduction to Monte Carlo Methods}",
       year = "2000" }
@misc{ sette,
       author = "M. Creutz, B. Freedman",
       title = "\textit{A Statistical Approach to Quantum Mechanics}",
       year = "1980" }
@misc{ otto,
       author = "C. Morningstar",
       title = "\textit{The Monte Carlo Method in Quantum Mechanics}",
       year = "2004" }

